@TECHREPORT {Culberson94efficientlysearching,
    author      = "Joseph Culberson and Jonathan Schaeffer",
    title       = "Efficiently Searching the 15-Puzzle",
    year        = "1994"
}

@TECHREPORT {searchingpatterndatabases,
    author      = "Joseph C. Culberson and Jonathan Schaeffer",
    title       = "Searching with Pattern Databases",
    institution = "Department of Computing Science, University of Alberta, Edmonton, Alberta, Canada, T6G 2H1.",
    year        = "1996"
}